@misc{pineda2023machine,
      title={Machine learning-based prediction of Q-voter model in complex networks}, 
      author={Aruane M. Pineda and Paul Kent and Colm Connaughton and Francisco A. Rodrigues},
      year={2023},
      eprint={2310.09131},
      archivePrefix={arXiv},
      primaryClass={physics.soc-ph}
}

@article{Bernardes_2002,
   title={Election results and the Sznajd model on Barabasi network},
   volume={25},
   ISSN={1434-6036},
   url={http://dx.doi.org/10.1140/e10051-002-0013-y},
   DOI={10.1140/e10051-002-0013-y},
   number={1},
   journal={The European Physical Journal B - Condensed Matter},
   publisher={Springer Science and Business Media LLC},
   author={Bernardes, A.T. and Stauffer, D. and Kertész, J.},
   year={2002},
   month=jan, pages={123–127} 
}

@article{sznajd2000opinion,
   title={OPINION EVOLUTION IN CLOSED COMMUNITY},
   volume={11},
   ISSN={1793-6586},
   url={http://dx.doi.org/10.1142/S0129183100000936},
   DOI={10.1142/s0129183100000936},
   number={06},
   journal={International Journal of Modern Physics C},
   publisher={World Scientific Pub Co Pte Lt},
   author={SZNAJD-WERON, KATARZYNA and SZNAJD, JÓZEF},
   year={2000},
   month=sep, pages={1157–1165} }

@article{costa2007networks,
   title={Characterization of complex networks: A survey of measurements},
   volume={56},
   ISSN={1460-6976},
   url={http://dx.doi.org/10.1080/00018730601170527},
   DOI={10.1080/00018730601170527},
   number={1},
   journal={Advances in Physics},
   publisher={Informa UK Limited},
   author={Costa, L. da F. and Rodrigues, F. A. and Travieso, G. and Villas Boas, P. R.},
   year={2007},
   month=jan, pages={167–242} }

@article{johnson2017r2,
author = {Johnson, Paul and Schielzeth, Holger},
year = {2017},
month = {09},
pages = {20170213},
title = {The coefficient of determination R2 and intra-class correlation coefficient from generalized linear mixed-effects models revisited and expanded},
volume = {14},
journal = {Journal of The Royal Society Interface},
doi = {10.1098/rsif.2017.0213}
}

@article{castellano2009social,
   title={Statistical physics of social dynamics},
   volume={81},
   ISSN={1539-0756},
   url={http://dx.doi.org/10.1103/RevModPhys.81.591},
   DOI={10.1103/revmodphys.81.591},
   number={2},
   journal={Reviews of Modern Physics},
   publisher={American Physical Society (APS)},
   author={Castellano, Claudio and Fortunato, Santo and Loreto, Vittorio},
   year={2009},
   month=may, pages={591–646} }

@article{maia2021emergence,
title = {Adaptive network approach for emergence of societal bubbles},
journal = {Physica A: Statistical Mechanics and its Applications},
volume = {572},
pages = {125588},
year = {2021},
issn = {0378-4371},
doi = {https://doi.org/10.1016/j.physa.2020.125588},
url = {https://www.sciencedirect.com/science/article/pii/S0378437120308864},
author = {H.P. Maia and S.C. Ferreira and M.L. Martins},
keywords = {Opinion formation, Polarization, Dynamical transitions, Sociophysics},
}

@misc{rodrigues2019machine,
      title={A machine learning approach to predicting dynamical observables from network structure}, 
      author={Francisco A. Rodrigues and Thomas Peron and Colm Connaughton and Jurgen Kurths and Yamir Moreno},
      year={2019},
      eprint={1910.00544},
      archivePrefix={arXiv},
      primaryClass={physics.soc-ph}
}

@article{interian2023polarization,
   title={Group polarization, influence, and domination in online interaction networks: a case study of the 2022 Brazilian elections},
   volume={4},
   ISSN={2632-072X},
   url={http://dx.doi.org/10.1088/2632-072X/acf6a4},
   DOI={10.1088/2632-072x/acf6a4},
   number={3},
   journal={Journal of Physics: Complexity},
   publisher={IOP Publishing},
   author={Interian, Ruben and Rodrigues, Francisco A},
   year={2023},
   month=sep, pages={035008} }


@article{layton2021polarization,
author = {Matthew L. Layton and Amy Erica Smith and Mason W. Moseley and Mollie J. Cohen},
title ={Demographic polarization and the rise of the far right: Brazil’s 2018 presidential election},

journal = {Research \& Politics},
volume = {8},
number = {1},
pages = {2053168021990204},
year = {2021},
doi = {10.1177/2053168021990204},
URL = {https://doi.org/10.1177/2053168021990204},
eprint = {https://doi.org/10.1177/2053168021990204}
}

@misc{sanchez2004sznajd,
      title={A modified one-dimensional Sznajd model}, 
      author={Juan R. Sanchez},
      year={2004},
      eprint={cond-mat/0408518},
      archivePrefix={arXiv},
      primaryClass={cond-mat.stat-mech}
}

@book{johnson2002emergence,
  title={Emergence: The connected lives of ants, brains, cities, and software},
  author={Johnson, Steven},
  year={2002},
  publisher={Simon and Schuster}
}

@article{boccaletti2006complex,
  title={Complex networks: Structure and dynamics},
  author={Boccaletti, Stefano and Latora, Vito and Moreno, Yamir and Chavez, Martin and Hwang, D-U},
  journal={Physics Reports},
  volume={424},
  number={4-5},
  pages={175--308},
  year={2006},
  publisher={Elsevier}
}

@article{costa2007characterization,
  title={Characterization of complex networks: A survey of measurements},
  author={Costa, L da F and Rodrigues, Francisco A and Travieso, Gonzalo and Villas Boas, Paulino Ribeiro},
  journal={Advances in Physics},
  volume={56},
  number={1},
  pages={167--242},
  year={2007},
  publisher={Taylor \& Francis}
}

@article{breiman2001random,
  title={Random Forests},
  author={Breiman, Leo},
  journal={Machine Learning},
  volume={45},
  pages={5--32},
  year={2001},
  publisher={Springer}
}

@book{hackeling2017mastering,
  title={Mastering Machine Learning with scikit-learn},
  author={Hackeling, Gavin},
  year={2017},
  publisher={Packt Publishing Ltd}
}

@book{murphy2012machine,
  title={Machine learning: a probabilistic perspective},
  author={Murphy, Kevin P},
  year={2012},
  publisher={MIT press}
}

@article{bishop2006pattern,
  title={Pattern recognition and machine learning},
  author={Bishop, Christopher M},
  journal={Springer Google Scholar},
  volume={2},
  pages={645--678},
  year={2006}
}

@misc{wikipedia2024sznajd,
      title={Snzajd Model}, 
      howpublished = {\url{https://en.wikipedia.org/wiki/Sznajd_model}},
      accessed={2024},
}